<record xmlns="http://www.loc.gov/MARC21/slim" xmlns:xsi="http://www.w3.org/2001/XMLSchema-instance" xsi:schemaLocation="http://www.loc.gov/MARC21/slim http://www.loc.gov/standards/marcxml/schema/MARC21slim.xsd"><leader>00589nz   2200133n  4500</leader><controlfield tag="001">oca03186955 </controlfield><controlfield tag="005">19920610055224.8</controlfield><controlfield tag="008">920518n| acannaab|          |n aaa     c</controlfield><datafield ind1=" " ind2=" " tag="010"><subfield code="a">nr 92018964 </subfield></datafield><datafield ind1=" " ind2=" " tag="040"><subfield code="a">NjP</subfield><subfield code="c">NjP</subfield></datafield><datafield ind1="1" ind2=" " tag="100"><subfield code="a">Capitolinus, Julius,</subfield><subfield code="d">fl. 300</subfield></datafield><datafield ind1=" " ind2=" " tag="670"><subfield code="a">Lippold, A. Kommentar zur Vita Maximini Duo der Historia Augusta, 1991:</subfield><subfield code="b">p. 23 (Iulius Capitolinus)</subfield></datafield><datafield ind1=" " ind2=" " tag="670"><subfield code="a">LC in RLIN, 5-14-92</subfield><subfield code="b">(hdg.: Capitolinus, Julius, fl. 300)</subfield></datafield><datafield ind1=" " ind2=" " tag="670"><subfield code="a">Enc. Brit., 14th ed.</subfield><subfield code="b">(Capitolinus, Julius; supposed to be one of 6 authors of Historia Augusta, perhaps written betw. 284-337 and no later than 410)</subfield></datafield></record>